
% Journals

% First the Full Name is given, then the abbreviation used in the AMS Math
% Reviews, with an indication if it could not be found there.
% Note the 2nd overwrites the 1st, so swap them if you want the full name.

 %{AMS}
 @String{AMSTrans = "American Mathematical Society Translations" }
 @String{AMSTrans = "Amer. Math. Soc. Transl." }
 @String{BullAMS = "Bulletin of the American Mathematical Society" }
 @String{BullAMS = "Bull. Amer. Math. Soc." }
 @String{ProcAMS = "Proceedings of the American Mathematical Society" }
 @String{ProcAMS = "Proc. Amer. Math. Soc." }
 @String{TransAMS = "Transactions of the American Mathematical Society" }
 @String{TransAMS = "Trans. Amer. Math. Soc." }

 %ACM
 @String{CACM = "Communications of the {ACM}" }
 @String{CACM = "Commun. {ACM}" }
 @String{CompServ = "Comput. Surveys" }
 @String{JACM = "J. ACM" }
 @String{ACMMathSoft = "{ACM} Transactions on Mathematical Software" }
 @String{ACMMathSoft = "{ACM} Trans. Math. Software" }
 @String{SIGNUM = "{ACM} {SIGNUM} Newsletter" }
 @String{SIGNUM = "{ACM} {SIGNUM} Newslett." }

 @String{AmerSocio = "American Journal of Sociology" }
 @String{AmerStatAssoc = "Journal of the American Statistical Association" }
 @String{AmerStatAssoc = "J. Amer. Statist. Assoc." }
 @String{ApplMathComp = "Applied Mathematics and Computation" }
 @String{ApplMathComp = "Appl. Math. Comput." }
 @String{AmerMathMonthly = "American Mathematical Monthly" }
 @String{AmerMathMonthly = "Amer. Math. Monthly" }
 @String{BIT = "{BIT}" }
 @String{BritStatPsych = "British Journal of Mathematical and Statistical
          Psychology" }
 @String{BritStatPsych = "Brit. J. Math. Statist. Psych." }
 @String{CanMathBull = "Canadian Mathematical Bulletin" }
 @String{CanMathBull = "Canad. Math. Bull." }
 @String{CompApplMath = "Journal of Computational and Applied Mathematics" }
 @String{CompApplMath = "J. Comput. Appl. Math." }
 @String{CompPhys = "Journal of Computational Physics" }
 @String{CompPhys = "J. Comput. Phys." }
 @String{CompStruct = "Computers and Structures" }
 @String{CompStruct = "Comput. \& Structures" }
 @String{CompJour = "The Computer Journal" }
 @String{CompJour = "Comput. J." }
 @String{CompSysSci = "Journal of Computer and System Sciences" }
 @String{CompSysSci = "J. Comput. System Sci." }
 @String{Computing = "Computing" }
 @String{ContempMath = "Contemporary Mathematics" }
 @String{ContempMath = "Contemp. Math." }
 @String{Crelle = "Crelle's Journal" }
 @String{GiornaleMath = "Giornale di Mathematiche" }
 @String{GiornaleMath = "Giorn. Mat." } % didn't find in AMS MR., ibid.

 %IEEE
 @String{Computer = "{IEEE} Computer" }
 @String{IEEETransComp = "{IEEE} Transactions on Computers" }
 @String{IEEETransComp = "{IEEE} Trans. Comput." }
 @String{IEEETransAC = "{IEEE} Transactions on Automatic Control" }
 @String{IEEETransAC = "{IEEE} Trans. Automat. Control" }
 @String{IEEESpec = "{IEEE} Spectrum" } % didn't find in AMS MR
 @String{ProcIEEE = "Proceedings of the {IEEE}" }
 @String{ProcIEEE = "Proc. {IEEE}" } % didn't find in AMS MR
 @String{IEEETransAeroElec = "{IEEE} Transactions on Aerospace and Electronic
     Systems" }
 @String{IEEETransAeroElec = "{IEEE} Trans. Aerospace Electron. Systems" }

 @String{IMANumerAna = "{IMA} Journal of Numerical Analysis" }
 @String{IMANumerAna = "{IMA} J. Numer. Anal." }
 @String{InfProcLet = "Information Processing Letters" }
 @String{InfProcLet = "Inform. Process. Lett." }
 @String{InstMathApp = "Journal of the Institute of Mathematics and
     its Applications" }
 @String{InstMathApp = "J. Inst. Math. Appl." }
 @String{IntControl = "International Journal of Control" }
 @String{IntControl = "Internat. J. Control" }
 @String{IntNumerEng = "International Journal for Numerical Methods in
     Engineering" }
 @String{IntNumerEng = "Internat. J. Numer. Methods Engrg." }
 @String{IntSuper = "International Journal of Supercomputing Applications" }
 @String{IntSuper = "Internat. J. Supercomputing Applic." } % didn't find
%% in AMS MR
 @String{Kibernetika = "Kibernetika" }
 @String{JResNatBurStand = "Journal of Research of the National Bureau
     of Standards" }
 @String{JResNatBurStand = "J. Res. Nat. Bur. Standards" }
 @String{LinAlgApp = "Linear Algebra and its Applications" }
 @String{LinAlgApp = "Linear Algebra Appl." }
 @String{MathAnaAppl = "Journal of Mathematical Analysis and Applications" }
 @String{MathAnaAppl = "J. Math. Anal. Appl." }
 @String{MathAnnalen = "Mathematische Annalen" }
 @String{MathAnnalen = "Math. Ann." }
 @String{MathPhys = "Journal of Mathematical Physics" }
 @String{MathPhys = "J. Math. Phys." }
 @String{MathComp = "Mathematics of Computation" }
 @String{MathComp = "Math. Comp." }
 @String{MathScand = "Mathematica Scandinavica" }
 @String{MathScand = "Math. Scand." }
 @String{TablesAidsComp = "Mathematical Tables and Other Aids to Computation" }
 @String{TablesAidsComp = "Math. Tables Aids Comput." }
 @String{NumerMath = "Numerische Mathematik" }
 @String{NumerMath = "Numer. Math." }
 @String{PacificMath = "Pacific Journal of Mathematics" }
 @String{PacificMath = "Pacific J. Math." }
 @String{ParDistComp = "Journal of Parallel and Distributed Computing" }
 @String{ParDistComp = "J. Parallel and Distrib. Comput." } % didn't find
%% in AMS MR
 @String{ParComputing = "Parallel Computing" }
 @String{ParComputing = "Parallel Comput." }
 @String{PhilMag = "Philosophical Magazine" }
 @String{PhilMag = "Philos. Mag." }
 @String{ProcNAS = "Proceedings of the National Academy of Sciences
                    of the USA" }
 @String{ProcNAS = "Proc. Nat. Acad. Sci. U. S. A." }
 @String{Psychometrika = "Psychometrika" }
 @String{QuartMath = "Quarterly Journal of Mathematics, Oxford, Series (2)" }
 @String{QuartMath = "Quart. J. Math. Oxford Ser. (2)" }
 @String{QuartApplMath = "Quarterly of Applied Mathematics" }
 @String{QuartApplMath = "Quart. Appl. Math." }
 @String{RevueInstStat = "Review of the International Statisical Institute" }
 @String{RevueInstStat = "Rev. Inst. Internat. Statist." }

 %SIAM
 @String{JSIAM = "Journal of the Society for Industrial and Applied
     Mathematics" }
 @String{JSIAM = "J. Soc. Indust. Appl. Math." }
 @String{JSIAMB = "Journal of the Society for Industrial and Applied
     Mathematics, Series B, Numerical Analysis" }
 @String{JSIAMB = "J. Soc. Indust. Appl. Math. Ser. B Numer. Anal." }
 @String{SIAMAlgMeth = "{SIAM} Journal on Algebraic and Discrete Methods" }
 @String{SIAMAlgMeth = "{SIAM} J. Algebraic Discrete Methods" }
 @String{SIAMAppMath = "{SIAM} Journal on Applied Mathematics" }
 @String{SIAMAppMath = "{SIAM} J. Appl. Math." }
 @String{SIAMComp = "{SIAM} Journal on Computing" }
 @String{SIAMComp = "{SIAM} J. Comput." }
 @String{SIAMMatrix = "{SIAM} Journal on Matrix Analysis and Applications" }
 @String{SIAMMatrix = "{SIAM} J. Matrix Anal. Appl." }
 @String{SIAMNumAnal = "{SIAM} Journal on Numerical Analysis" }
 @String{SIAMNumAnal = "{SIAM} J. Numer. Anal." }
 @String{SIAMReview = "{SIAM} Review" }
 @String{SIAMReview = "{SIAM} Rev." }
 @String{SIAMSciStat = "{SIAM} Journal on Scientific and Statistical
     Computing" }
 @String{SIAMSciStat = "{SIAM} J. Sci. Statist. Comput." }

 @String{SoftPracExp = "Software Practice and Experience" }
 @String{SoftPracExp = "Software Prac. Experience" } % didn't find in AMS MR
 @String{StatScience = "Statistical Science" }
 @String{StatScience = "Statist. Sci." }
 @String{Techno = "Technometrics" }
 @String{USSRCompMathPhys = "{USSR} Computational Mathematics and Mathematical
     Physics" }
 @String{USSRCompMathPhys = "{U. S. S. R.} Comput. Math. and Math. Phys." }
 @String{VLSICompSys = "Journal of {VLSI} and Computer Systems" }
 @String{VLSICompSys = "J. {VLSI} Comput. Syst." }
 @String{ZAngewMathMech = "Zeitschrift fur Angewandte Mathematik und
     Mechanik" }
 @String{ZAngewMathMech = "Z. Angew. Math. Mech." }
 @String{ZAngewMathPhys = "Zeitschrift fur Angewandte Mathematik und Physik" }
 @String{ZAngewMathPhys = "Z. Angew. Math. Phys." }

% Publishers % ================================================= |

 @String{Academic = "Academic Press" }
 @String{ACMPress = "{ACM} Press" }
 @String{AdamHilger = "Adam Hilger" }
 @String{AddisonWesley = "Addison-Wesley" }
 @String{AllynBacon = "Allyn and Bacon" }
 @String{AMS = "American Mathematical Society" }
 @String{Birkhauser = "Birkha{\"u}ser" }
 @String{CambridgePress = "Cambridge University Press" }
 @String{Chelsea = "Chelsea" }
 @String{ClaredonPress = "Claredon Press" }
 @String{DoverPub = "Dover Publications" }
 @String{Eyolles = "Eyolles" }
 @String{HoltRinehartWinston = "Holt, Rinehart and Winston" }
 @String{Interscience = "Interscience" }
 @String{JohnsHopkinsPress = "The Johns Hopkins University Press" }
 @String{JohnWileySons = "John Wiley and Sons" }
 @String{Macmillan = "Macmillan" }
 @String{MathWorks = "The Math Works Inc." }
 @String{McGrawHill = "McGraw-Hill" }
 @String{NatBurStd = "National Bureau of Standards" }
 @String{NorthHolland = "North-Holland" }
 @String{OxfordPress = "Oxford University Press" }  %address Oxford or London?
 @String{PergamonPress = "Pergamon Press" }
 @String{PlenumPress = "Plenum Press" }
 @String{PrenticeHall = "Prentice-Hall" }
 @String{SIAMPub = "{SIAM} Publications" }
 @String{Springer = "Springer-Verlag" }
 @String{TexasPress = "University of Texas Press" }
 @String{VanNostrand = "Van Nostrand" }
 @String{WHFreeman = "W. H. Freeman and Co." }

%Entries

@inproceedings{riechert2010,
    title={{Knowledge engineering for historians on the example of the Catalogus Professorum Lipsiensis}},
    author={Riechert, T. and Morgenstern, U. and Auer, S. and Tramp, S. and Martin, M.},
    booktitle={International Semantic Web Conference},
    pages={225--240},
    year={2010}
}
@inproceedings{hyvonen2018,
    title={Semantic national biography of {F}inland},
    author={Hyv{\"o}nen, E. and Leskinen, P. and Tamper, M. and Tuominen, J. and Keravuori, K.},
    booktitle={Proceedings of the Digital Humanities in the Nordic Countries 3rd Conference (DHN 2018), Helsinki, Finland},
    year={2018}
}

@inproceedings{DBLP:conf/kcap/JaradehOFPDKSA19,
    author    = {Jaradeh, M.Y. and
               Oelen, A. and
               Farfar, K.E. and
               Prinz, M. and
               D'Souza, J. and
               Kismih{\'{o}}k, G. and
               Stocker, M. and
               S{\"{o}}ren Auer},
    title     = {{Open Research Knowledge Graph: Next Generation Infrastructure for Semantic Scholarly Knowledge}},
    booktitle = {Proceedings of the 10th International Conference on Knowledge Capture, {K-CAP} 2019, Marina Del Rey, CA, USA, November 19-21, 2019},
    pages     = {243--246},
    publisher = {{ACM}},
    year      = {2019},
    xurl       = {https://doi.org/10.1145/3360901.3364435},
    xdoi       = {10.1145/3360901.3364435},
    timestamp = {Sun, 25 Oct 2020 22:55:43 +0100},
    biburl    = {https://dblp.org/rec/conf/kcap/JaradehOFPDKSA19.bib},
    bibsource = {dblp computer science bibliography, https://dblp.org}
}
@article{doi:10.1080/0158037X.2019.1652158,
    author = {van Rooij, E. and Fokkens-Bruinsma, M. and Jansen, E.},
    title = {Factors that influence PhD candidates' success: the importance of PhD project characteristics},
    journal = {Studies in Continuing Education},
    volume = {43},
    number = {1},
    pages = {48-67},
    year  = {2021},
    publisher = {Routledge},
    xdoi = {10.1080/0158037X.2019.1652158},
    
    xURL = {https://doi.org/10.1080/0158037X.2019.1652158},
    xeprint = {https://doi.org/10.1080/0158037X.2019.1652158}
}
@inproceedings{Kaczan2015ItsA,
    title={{PhD thesis: It's (not) all in the mind: PhD students' experiences, well-being, and mindfulness}},
    author={Kaczan, R.},
    year={2015}
}

@inproceedings{samuelsheeba,
    author = {Samuel, S. and Groeneveld, K. and Taubert, F. and Walther, D. and Kache, T. and Langenstück, T. and König-Ries, B. and Bücker, H. and Biskup, C.},
    year = {2018},
    month = {12},
    pages = {},
    title = {{The Story of an Experiment: A Provenance-based Semantic Approach towards Research Reproducibility}},
    xdoi = {10.6084/m9.figshare.7345865.v2}
}

@article{Hong2021,
    title={{Constructing Ontology of Brain Areas and Autism to Support Domain Knowledge Exploration and Discovery}},
    author={Hong, L. and Xu, H. and Shi. X},
    year={2021},
    journal={International Journal of Computational Intelligence Systems},
    volume={14},
    issue={1},
    pages={834-846},
    issn={1875-6883},
    xurl={https://doi.org/10.2991/ijcis.d.210203.005},
    xdoi={https://doi.org/10.2991/ijcis.d.210203.005}
}

@inproceedings{DBLP:conf/ichi/YinPHTCSH20,
    author    = {Yin, M.S. and
               Pomarlan, M. and
               Haddawy, P. and
               Tabassam, M.R. and
               Chaimanakarn, C. and
               Srimaneekarn, N. and
               Hassan, S.},
    title     = {{Automated Extraction of Causal Relations from Text for Teaching Surgical Concepts}},
    booktitle = {8th {IEEE} International Conference on Healthcare Informatics, {ICHI}
               2020, Oldenburg, Germany, November 30 - December 3, 2020},
    pages     = {1--3},
    publisher = {{IEEE}},
    year      = {2020},
    url       = {https://doi.org/10.1109/ICHI48887.2020.9374310},
    doi       = {10.1109/ICHI48887.2020.9374310},
    timestamp = {Fri, 19 Mar 2021 19:05:47 +0100},
    biburl    = {https://dblp.org/rec/conf/ichi/YinPHTCSH20.bib},
    bibsource = {dblp computer science bibliography, https://dblp.org}
}
@inproceedings{DBLP:conf/compsac/HuK20,
    author    = {Hu, H. and
               Kerschberg, L.},
    title     = {{Capturing Causal Knowledge from Authoritative Medical Ontologies}},
    booktitle = {44th {IEEE} Annual Computers, Software, and Applications Conference,
               {COMPSAC} 2020, Madrid, Spain, July 13-17, 2020},
    pages     = {1373--1378},
    publisher = {{IEEE}},
    year      = {2020},
    url       = {https://doi.org/10.1109/COMPSAC48688.2020.00-64},
    doi       = {10.1109/COMPSAC48688.2020.00-64},
    timestamp = {Tue, 29 Sep 2020 14:18:02 +0200},
    biburl    = {https://dblp.org/rec/conf/compsac/HuK20.bib},
    bibsource = {dblp computer science bibliography, https://dblp.org}
}
@INPROCEEDINGS{9440633, 
    author={Zhang, J. and Du, J.},
    booktitle={2021 11th International Conference on Information Science and Technology (ICIST)},
    title={Ontology-based Defect Causation Analysis for Urban Tunnel Maintenance},
    year={2021},
    volume={},
    number={},
    pages={297-303},
    xdoi={10.1109/ICIST52614.2021.9440633}
}

@article{10.1115/1.4048127,
    author = {Das, S.K. and Swain, A.K.},
    title = {{An Ontology-Based Framework for Decision Support in Assembly Variant Design}},
    journal = {Journal of Computing and Information Science in Engineering},
    volume = {21},
    number = {2},
    year = {2020},
    month = {10},
    issn = {1530-9827},
    doi = {10.1115/1.4048127},
    url = {https://doi.org/10.1115/1.4048127},
}




@INPROCEEDINGS{9375954,
    author={Khalpada, P. and Garg, S.},
    booktitle={2021 IEEE 11th Annual Computing and Communication Workshop and Conference (CCWC)},
    title={Simple Automated Narrative Generator (SANG)},
    year={2021},
    volume={},
    number={},
    pages={0909-0915},
    doi={10.1109/CCWC51732.2021.9375954}
}


@article{doi:10.1061/(ASCE)LA.1943-4170.0000489,
    author = {Guévremont, M.  and Hammad, A. },
    title = {{Ontology for Linking Delay Claims with 4D Simulation to Analyze Effects-Causes and Responsibilities}},
    journal = {Journal of Legal Affairs and Dispute Resolution in Engineering and Construction},
    volume = {13},
    number = {4},
    pages = {04521024},
    year = {2021},
    doi = {10.1061/(ASCE)LA.1943-4170.0000489}
}

@inproceedings{DBLP:conf/jowo/Mizoguchi20,
    author    = {Mizoguchi, R.},
    title     = {{Causation: Revisited}},
    booktitle = {Proceedings of the Joint Ontology Workshops co-located with the Bolzano Summer of Knowledge {(BOSK} 2020), Virtual {\&} Bozen-Bolzano, Italy, August 31st to October 7th, 2020},
    series    = {{CEUR} Workshop Proceedings},
    volume    = {2708},
    publisher = {CEUR-WS.org},
    year      = {2020},
    url       = {http://ceur-ws.org/Vol-2708/foust7.pdf},
    timestamp = {Thu, 29 Oct 2020 10:45:22 +0100},
    biburl    = {https://dblp.org/rec/conf/jowo/Mizoguchi20.bib},
    bibsource = {dblp computer science bibliography, https://dblp.org}
}
@inproceedings{HamdanAl-Hakam2019Aomf,
    issn = {1613-0073},
    journal = {CEUR Workshop Proceedings},
    pages = {64--77},
    volume = {2389},
    publisher = {CEUR Workshop Proceedings},
    number = {6},
    year = {2019},
    title = {An ontological model for the representation of damage to constructions},
    author = {Hamdan, A. and Bonduel, M. and Scherer, R.J.},
    url = {http://ceur-ws.org/Vol-2389/05paper.pdf},
}

@inproceedings{DBLP:conf/semweb/GillmanCJ13,
    author    = {Gillman, D.W. and
               Cotton, F. and
               Jaques, Y.},
    title     = {{XKOS:} Extending {SKOS} for Describing Statistical Classifications},
    booktitle = {Proceedings of the 1st International Workshop on Semantic Statistics co-located with 13th International Semantic Web Conference, SemStats@ISWC 2013, Sydney, Australia October 11th, 2013},
    series    = {{CEUR} Workshop Proceedings},
    volume    = {1549},
    publisher = {CEUR-WS.org},
    year      = {2013},
    url       = {http://ceur-ws.org/Vol-1549/article-03.pdf},
    timestamp = {Tue, 28 May 2019 16:23:25 +0200},
    biburl    = {https://dblp.org/rec/conf/semweb/GillmanCJ13.bib},
    bibsource = {dblp computer science bibliography, https://dblp.org}
}

@article{DBLP:journals/ao/BeisswangerSSH08,
  author    = {Beisswanger, E. and
               Schulz, S. and
               Stenzhorn. H. and
               Hahn, U.},
  title     = {BioTop: An upper domain ontology for the life sciences -- A description of its current structure, contents and interfaces to {OBO} ontologies},
  journal   = {Appl. Ontology},
  volume    = {3},
  number    = {4},
  pages     = {205--212},
  year      = {2008},
  xurl       = {https://doi.org/10.3233/AO-2008-0057},
  xdoi       = {10.3233/AO-2008-0057},
  timestamp = {Tue, 14 Jul 2020 14:30:40 +0200},
  biburl    = {https://dblp.org/rec/journals/ao/BeisswangerSSH08.bib},
  bibsource = {dblp computer science bibliography, https://dblp.org}
}

@article{LITALIEN2015218,
    title = {Dropout intentions in PhD studies: A comprehensive model based on interpersonal relationships and motivational resources},
    journal = {Contemporary Educational Psychology},
    volume = {41},
    pages = {218-231},
    year = {2015},
    issn = {0361-476X},
    doi = {https://doi.org/10.1016/j.cedpsych.2015.03.004},
    url = {https://www.sciencedirect.com/science/article/pii/S0361476X15000107},
    author = {Litalien, D. and Guay, F.},
    keywords = {PhD studies persistence, Self-determination theory, Perceived competence, Academic motivation}
}


@article{councilofgraduateschools,
 title={{Ph.D. Completion \& Attrition: Analysis of Baseline Demographic Data from Ph.D. Completion Project}},
 year={2008},
 author={Council of Graduate Schools}
}

@inproceedings{DBLP:conf/ekaw/NguyenSRC20,
  author    = {Nguyen, V.B. and
               Sv{\'{a}}tek, V. and
               Rabby, G. and
               Corcho, O.},
  title     = {Ontologies Supporting Research-Related Information Foraging Using Knowledge Graphs: Literature Survey and Holistic Model Mapping},
  booktitle = {Knowledge Engineering and Knowledge Management -- 22nd International
               Conference, {EKAW} 2020, Bolzano, Italy, September 16-20, 2020, Proceedings},
  xseries    = {Lecture Notes in Computer Science},
  xvolume    = {12387},
  pages     = {88--103},
  publisher = {Springer},
  year      = {2020},
  xurl       = {https://doi.org/10.1007/978-3-030-61244-3\_6},
  xdoi       = {10.1007/978-3-030-61244-3\_6},
  timestamp = {Sat, 14 Nov 2020 00:57:19 +0100},
  biburl    = {https://dblp.org/rec/conf/ekaw/NguyenSRC20.bib},
  bibsource = {dblp computer science bibliography, https://dblp.org}
}

@book{thematic_analysis,
  title = {Applied Thematic Analysis},
  year = {2012},
  author={Guest, G. and MacQueen, K. M. and Namey, E. E. },
  pages={3-20},
  location={Thousand Oaks, CA},
  publisher={Thousand Oaks, CA: SAGE Publications Inc.},
  isbn = {9781412971676}
}

@inbook{ince,
    author = {Ince, Ebru},
    year = {2018},
    month = {02},
    pages = {},
    title = {Educational Games in Higher Education},
    isbn = {978-953-51-3803-7},
    doi = {10.5772/intechopen.71017}
}