@inproceedings{NguyenKCAP21,
  author    = {Viet Bach Nguyen and
               Vojtech Sv{\'{a}}tek and
               Marek Dud{\'{a}}s and
               {\'{O}}scar Corcho},
  editor    = {Anna Lisa Gentile and
               Rafael Gon{\c{c}}alves},
  title     = {Knowledge Engineering of {PhD} Stories: {A} Preliminary Study},
  booktitle = {{K-CAP} '21: Knowledge Capture Conference, Virtual Event, USA, December
               2-3, 2021},
  pages     = {281--284},
  publisher = {{ACM}},
  year      = {2021},
  url       = {https://doi.org/10.1145/3460210.3493579},
  doi       = {10.1145/3460210.3493579},
  timestamp = {Wed, 16 Mar 2022 23:55:44 +0100},
  biburl    = {https://dblp.org/rec/conf/kcap/NguyenSDC21.bib},
  bibsource = {dblp computer science bibliography, https://dblp.org}
}